@inproceedings{Zhao:2010:TNP:1871437.1871474,
 author = {Zhao, Le and Callan, Jamie},
 title = {Term Necessity Prediction},
 booktitle = {Proceedings of the 19th ACM International Conference on Information and Knowledge Management},
 series = {CIKM '10},
 year = {2010},
 isbn = {978-1-4503-0099-5},
 location = {Toronto, ON, Canada},
 pages = {259--268},
 numpages = {10},
 url = {http://doi.acm.org/10.1145/1871437.1871474},
 doi = {10.1145/1871437.1871474},
 acmid = {1871474},
 publisher = {ACM},
 address = {New York, NY, USA},
 keywords = {ad-hoc retrieval models, mismatch, necessity, term weighting},
} 

@MISC{Kim_overcomingvocabulary,
    author = {Yubin Kim and Reyyan Yeniterzi and Jamie Callan},
    title = {Overcoming Vocabulary Limitations in Twitter Microblogs},
    year = {}
}

@inproceedings{Xu:2009:QDP:1571941.1571954,
 author = {Xu, Yang and Jones, Gareth J.F. and Wang, Bin},
 title = {Query Dependent Pseudo-relevance Feedback Based on Wikipedia},
 booktitle = {Proceedings of the 32Nd International ACM SIGIR Conference on Research and Development in Information Retrieval},
 series = {SIGIR '09},
 year = {2009},
 isbn = {978-1-60558-483-6},
 location = {Boston, MA, USA},
 pages = {59--66},
 numpages = {8},
 url = {http://doi.acm.org/10.1145/1571941.1571954},
 doi = {10.1145/1571941.1571954},
 acmid = {1571954},
 publisher = {ACM},
 address = {New York, NY, USA},
 keywords = {entity, information retrieval, pseudo-relevance feedback, query expansion, wikipedia},
} 

@inproceedings{Xiong:2015:ECQ:2806416.2806456,
 author = {Xiong, Chenyan and Callan, Jamie},
 title = {EsdRank: Connecting Query and Documents Through External Semi-Structured Data},
 booktitle = {Proceedings of the 24th ACM International on Conference on Information and Knowledge Management},
 series = {CIKM '15},
 year = {2015},
 isbn = {978-1-4503-3794-6},
 location = {Melbourne, Australia},
 pages = {951--960},
 numpages = {10},
 url = {http://doi.acm.org/10.1145/2806416.2806456},
 doi = {10.1145/2806416.2806456},
 acmid = {2806456},
 publisher = {ACM},
 address = {New York, NY, USA},
 keywords = {controlled vocabulary, freebase, knowledge base, learning to rank, mesh, ranking, semi-structured data},
} 

@inproceedings{Dalton:2014:EQF:2600428.2609628,
 author = {Dalton, Jeffrey and Dietz, Laura and Allan, James},
 title = {Entity Query Feature Expansion Using Knowledge Base Links},
 booktitle = {Proceedings of the 37th International ACM SIGIR Conference on Research \&\#38; Development in Information Retrieval},
 series = {SIGIR '14},
 year = {2014},
 isbn = {978-1-4503-2257-7},
 location = {Gold Coast, Queensland, Australia},
 pages = {365--374},
 numpages = {10},
 url = {http://doi.acm.org/10.1145/2600428.2609628},
 doi = {10.1145/2600428.2609628},
 acmid = {2609628},
 publisher = {ACM},
 address = {New York, NY, USA},
 keywords = {entities, information extraction, information retrieval, ontologies},
} 

@Inbook{Yang2016,
author="Yang, Liu
and Guo, Qi
and Song, Yang
and Meng, Sha
and Shokouhi, Milad
and McDonald, Kieran
and Croft, W. Bruce",
editor="Ferro, Nicola
and Crestani, Fabio
and Moens, Marie-Francine
and Mothe, Josiane
and Silvestri, Fabrizio
and Di Nunzio, Maria Giorgio
and Hauff, Claudia
and Silvello, Gianmaria",
title="Modeling User Interests for Zero-Query Ranking",
bookTitle="Advances in Information Retrieval: 38th European Conference on IR Research, ECIR 2016, Padua, Italy, March 20-23, 2016. Proceedings",
year="2016",
publisher="Springer International Publishing",
address="Cham",
pages="171--184",
isbn="978-3-319-30671-1",
doi="10.1007/978-3-319-30671-1_13",
url="http://dx.doi.org/10.1007/978-3-319-30671-1_13"
}

@INPROCEEDINGS{Ounis11overviewof,
    author = {Iadh Ounis and Craig Macdonald and Jimmy Lin and Ian Soboroff},
    title = {Overview of the trec-2011 microblog track},
    booktitle = {In Proceedings of TREC 2011},
    year = {2011}
}

@inproceedings{Dong:2014:KVW:2623330.2623623,
 author = {Dong, Xin and Gabrilovich, Evgeniy and Heitz, Geremy and Horn, Wilko and Lao, Ni and Murphy, Kevin and Strohmann, Thomas and Sun, Shaohua and Zhang, Wei},
 title = {Knowledge Vault: A Web-scale Approach to Probabilistic Knowledge Fusion},
 booktitle = {Proceedings of the 20th ACM SIGKDD International Conference on Knowledge Discovery and Data Mining},
 series = {KDD '14},
 year = {2014},
 isbn = {978-1-4503-2956-9},
 location = {New York, New York, USA},
 pages = {601--610},
 numpages = {10},
 url = {http://doi.acm.org/10.1145/2623330.2623623},
 doi = {10.1145/2623330.2623623},
 acmid = {2623623},
 publisher = {ACM},
 address = {New York, NY, USA},
 keywords = {information extraction, knowledge bases, machine learning, probabilistic models},
} 

@inproceedings{Liu:2016:HRW:2911451.2911509,
 author = {Liu, Qiao and Jiang, Liuyi and Han, Minghao and Liu, Yao and Qin, Zhiguang},
 title = {Hierarchical Random Walk Inference in Knowledge Graphs},
 booktitle = {Proceedings of the 39th International ACM SIGIR Conference on Research and Development in Information Retrieval},
 series = {SIGIR '16},
 year = {2016},
 isbn = {978-1-4503-4069-4},
 location = {Pisa, Italy},
 pages = {445--454},
 numpages = {10},
 url = {http://doi.acm.org/10.1145/2911451.2911509},
 doi = {10.1145/2911451.2911509},
 acmid = {2911509},
 publisher = {ACM},
 address = {New York, NY, USA},
 keywords = {knowledge base, knowledge graphs, random walk model, relational inference, statistical relational learning},
} 

@inproceedings{Martins:2016:BMN:2835776.2835825,
 author = {Martins, Fl\'{a}vio and Magalh\~{a}es, Jo\~{a}o and Callan, Jamie},
 title = {Barbara Made the News: Mining the Behavior of Crowds for Time-Aware Learning to Rank},
 booktitle = {Proceedings of the Ninth ACM International Conference on Web Search and Data Mining},
 series = {WSDM '16},
 year = {2016},
 isbn = {978-1-4503-3716-8},
 location = {San Francisco, California, USA},
 pages = {667--676},
 numpages = {10},
 url = {http://doi.acm.org/10.1145/2835776.2835825},
 doi = {10.1145/2835776.2835825},
 acmid = {2835825},
 publisher = {ACM},
 address = {New York, NY, USA},
 keywords = {learning to rank, microblog search, social media, temporal information retrieval, time-aware ranking models, twitter},
}

